<?xml version="1.0" encoding="UTF-8"?><collection xmlns="http://www.loc.gov/MARC21/slim"><record><leader>00507nam--2200193-i-4500</leader><controlfield tag="001">000024739</controlfield><controlfield tag="002">20161230</controlfield><controlfield tag="005">20161230201035</controlfield><controlfield tag="008">060222s1000------------r-----000-0-eng-d</controlfield><datafield ind1=" " ind2=" " tag="020"><subfield code="a">0852745168</subfield></datafield><datafield ind1=" " ind2=" " tag="040"><subfield code="a">IFIN-HH</subfield></datafield><datafield ind1=" " ind2=" " tag="080"><subfield code="a">548.4:537.222.22(061.3)</subfield></datafield><datafield ind1="1" ind2=" " tag="100"><subfield code="a">Jaros, M</subfield></datafield><datafield ind1="1" ind2="0" tag="245"><subfield code="a">Deep levels in semiconductors</subfield><subfield code="c">M. jaros</subfield></datafield><datafield ind1=" " ind2=" " tag="260"><subfield code="a">Bristol</subfield><subfield code="b">Adam Hilger Ltd</subfield><subfield code="c">1982</subfield></datafield><datafield ind1=" " ind2=" " tag="300"><subfield code="a">XI + 302P</subfield></datafield><datafield ind1=" " ind2=" " tag="650"><subfield code="a">Seimconductors - Defects</subfield></datafield><datafield ind1=" " ind2=" " tag="852"><subfield code="a">70247</subfield><subfield code="c">537.311.33</subfield></datafield><datafield ind1=" " ind2=" " tag="CAT"><subfield code="a">Sys</subfield><subfield code="c">20110727</subfield><subfield code="h">095404</subfield></datafield></record></collection>